<record><leader>00000cas a22000007  4500</leader><controlfield tag="001">9377800</controlfield><controlfield tag="008">830405u18uuuuuugauwr ne      0   a0eng d</controlfield><datafield ind1=" " ind2=" " tag="010"><subfield code="a">sn 83045189 </subfield></datafield><datafield ind1=" " ind2=" " tag="040"><subfield code="a">CRL</subfield><subfield code="b">eng</subfield><subfield code="c">CRL</subfield><subfield code="d">NPW</subfield><subfield code="d">NSD</subfield></datafield><datafield ind1="1" ind2=" " tag="029"><subfield code="a">AU@</subfield><subfield code="b">000025809932</subfield></datafield><datafield ind1=" " ind2=" " tag="037"><subfield code="b">Savannah Morning News, Savannah Evening Press, 5 Whitaker St., Savannah, Ga. 31401</subfield></datafield><datafield ind1=" " ind2=" " tag="042"><subfield code="a">msc</subfield></datafield><datafield ind1="0" ind2="0" tag="245"><subfield code="a">Savannah morning news and Savannah evening press.</subfield></datafield><datafield ind1=" " ind2=" " tag="260"><subfield code="a">Savannah.</subfield></datafield><datafield ind1=" " ind2=" " tag="300"><subfield code="a">v.</subfield><subfield code="b">ill.</subfield></datafield><datafield ind1=" " ind2=" " tag="310"><subfield code="a">Two no. a week (Saturday and Sunday)</subfield></datafield><datafield ind1=" " ind2=" " tag="321"><subfield code="a">Weekly (Sunday)</subfield></datafield><datafield ind1=" " ind2=" " tag="580"><subfield code="a">Sunday ed. of: Savannah morning news, and: Savannah evening press.</subfield></datafield><datafield ind1=" " ind2=" " tag="752"><subfield code="a">United States</subfield><subfield code="b">Georgia</subfield><subfield code="c">Chatham</subfield><subfield code="d">Savannah.</subfield></datafield><datafield ind1="1" ind2=" " tag="787"><subfield code="t">Savannah morning news</subfield><subfield code="w">(OCoLC)8821574</subfield></datafield><datafield ind1="1" ind2=" " tag="787"><subfield code="t">Savannah evening press</subfield><subfield code="x">8750-4685</subfield><subfield code="w">(OCoLC)8773622</subfield></datafield></record>